<?xml version="1.0" encoding="UTF-8"?><collection xmlns="http://www.loc.gov/MARC21/slim"><record><leader>00396nam--2200157-i-4500</leader><controlfield tag="001">000041355</controlfield><controlfield tag="002">20161230</controlfield><controlfield tag="005">20170205231418</controlfield><controlfield tag="008">060222s1000------------r-----000-0-eng-d</controlfield><datafield ind1=" " ind2=" " tag="100"><subfield code="a">Sharts, Clay M</subfield></datafield><datafield ind1=" " ind2=" " tag="245"><subfield code="a">Organic fluorine chemistry</subfield></datafield><datafield ind1=" " ind2=" " tag="260"><subfield code="a">New York</subfield><subfield code="b">W.A.Benjamin,Inc</subfield><subfield code="c">1969</subfield></datafield><datafield ind1=" " ind2=" " tag="300"><subfield code="a">XVI + 602 p</subfield></datafield><datafield ind1=" " ind2=" " tag="700"><subfield code="a">Sheppard, William A</subfield></datafield><datafield ind1=" " ind2=" " tag="852"><subfield code="a">42274</subfield></datafield><datafield ind1=" " ind2=" " tag="CAT"><subfield code="a">SYS</subfield><subfield code="c">20170205</subfield><subfield code="h">231418</subfield></datafield></record></collection>